@misc{table 8.10 average retail prices of electricity, 
1960-2011 (cents per kilowatthour, including taxes)_2012, 
title={U.S. Energy Information Administration - EIA - Independent Statistics and Analysis}, 
url={http://www.eia.gov/totalenergy/data/annual/showtext.php?t=ptb0810}, 
journal={Table 8.10 Average Retail Prices of Electricity, 
1960-2011 (Cents per Kilowatthour, Including Taxes)}, 
year={2012}, 
month={Sep}}