@misc{EIA, 
title={U.S. Energy Information Administration - EIA - Independent Statistics and Analysis},
url={http://www.eia.gov/totalenergy/data/annual/showtext.php?t=ptb0810}, 
journal={Table 8.10 Average Retail Prices of Electricity, 1960-2011 (Cents per Kilowatthour, Including Taxes)}, 
year={2012}, 
month={Sep}}

@misc{Stats, 
title={Assumptions of Linear Regression}, 
url={http://www.statisticssolutions.com/assumptions-of-linear-regression/}, 
journal={Statistics Solutions}, 
year={2018}}

@misc{Rus, 
title={History of Electricity in the United States}, 
url={http://large.stanford.edu/courses/2013/ph240/iskhakov2/}, 
journal={History of Electricity in the United States}, 
author={Iskhakov, Ruslan}}

